%% This BibTeX bibliography file was created using BibDesk.
%% http://bibdesk.sourceforge.net/

%% Created for Flo Schmidt at 2020-09-17 15:33:07 +0200 


%% Saved with string encoding Unicode (UTF-8) 



@manual{riscvspec,
	Author = {{Editors Andrew Waterman and Krste Asanovi{\'{c}}}},
	Date-Added = {2020-09-17 15:31:01 +0200},
	Date-Modified = {2020-09-17 15:33:05 +0200},
	Month = dec,
	Organization = {RISC-V Foundation},
	Title = {The RISC-V Instruction Set Manual, Volume I: User Level ISA, Document Version 20191213},
	Year = {2019}}

@inproceedings{bintrans,
	Author = {Probst, Mark},
	Booktitle = {UKUUG Linux Developer's Conference},
	Date-Added = {2020-09-02 15:56:30 +0200},
	Date-Modified = {2020-09-02 15:56:51 +0200},
	Title = {Dynamic binary translation},
	Volume = {2002},
	Year = {2002}}

@article{2016optimizing,
	Author = {d'Antras, Amanieu and Gorgovan, Cosmin and Garside, Jim and Luj{\'a}n, Mikel},
	Date-Added = {2020-09-02 15:48:05 +0200},
	Date-Modified = {2020-09-02 15:48:29 +0200},
	Journal = {ACM Transactions on Architecture and Code Optimization (TACO)},
	Number = {1},
	Pages = {1--25},
	Publisher = {ACM New York, NY, USA},
	Title = {Optimizing indirect branches in dynamic binary translators},
	Volume = {13},
	Year = {2016}}

@manual{intel2017man,
	Author = {{Intel Corporation}},
	Month = apr,
	Note = {\url{http://www.intel.com/content/www/us/en/processors/architectures-software-developer-manuals.html}, visited 2017-08-19},
	Organization = {Intel Corporation},
	Title = {Intel 64 and IA-32 Architectures Software Developer's Manual},
	Year = {2016}}
