%% This BibTeX bibliography file was created using BibDesk.
%% http://bibdesk.sourceforge.net/

%% Created for Flo Schmidt at 2020-07-05 20:15:54 +0200 


%% Saved with string encoding Unicode (UTF-8) 



@manual{riscv-spec,
	Author = {Waterman, Andrew and others},
	Date-Added = {2020-07-05 20:07:40 +0200},
	Date-Modified = {2020-07-05 20:15:54 +0200},
	Title = {The RISC-V Instruction Set Manual. Volume I: User-Level ISA. Version 2.2},
	Url = {https://content.riscv.org/wp-content/uploads/2017/05/riscv-spec-v2.2.pdf},
	Year = {2017},
	Bdsk-Url-1 = {https://content.riscv.org/wp-content/uploads/2017/05/riscv-spec-v2.2.pdf}}
